%YAML 1.1
%TAG !u! tag:unity3d.com,2011:
--- !u!1 &104627789469268614
GameObject:
  m_ObjectHideFlags: 0
  m_CorrespondingSourceObject: {fileID: 0}
  m_PrefabInstance: {fileID: 0}
  m_PrefabAsset: {fileID: 0}
  serializedVersion: 6
  m_Component:
  - component: {fileID: 623945393866331469}
  m_Layer: 0
  m_Name: RH
  m_TagString: Untagged
  m_Icon: {fileID: 0}
  m_NavMeshLayer: 0
  m_StaticEditorFlags: 0
  m_IsActive: 1
--- !u!4 &623945393866331469
Transform:
  m_ObjectHideFlags: 0
  m_CorrespondingSourceObject: {fileID: 0}
  m_PrefabInstance: {fileID: 0}
  m_PrefabAsset: {fileID: 0}
  m_GameObject: {fileID: 104627789469268614}
  m_LocalRotation: {x: 0.000000104308135, y: 0.000000044703487, z: -0.000000029802326, w: 1}
  m_LocalPosition: {x: 0.26839283, y: 0.06413558, z: 0.3100531}
  m_LocalScale: {x: 1, y: 1, z: 1}
  m_Children: []
  m_Father: {fileID: 2965099352329643895}
  m_RootOrder: 1
  m_LocalEulerAnglesHint: {x: 0, y: 0, z: 0}
--- !u!1 &214303410484460533
GameObject:
  m_ObjectHideFlags: 0
  m_CorrespondingSourceObject: {fileID: 0}
  m_PrefabInstance: {fileID: 0}
  m_PrefabAsset: {fileID: 0}
  serializedVersion: 6
  m_Component:
  - component: {fileID: 2038902409377643316}
  m_Layer: 0
  m_Name: Middle_Distal_L
  m_TagString: Untagged
  m_Icon: {fileID: 0}
  m_NavMeshLayer: 0
  m_StaticEditorFlags: 0
  m_IsActive: 1
--- !u!4 &2038902409377643316
Transform:
  m_ObjectHideFlags: 0
  m_CorrespondingSourceObject: {fileID: 0}
  m_PrefabInstance: {fileID: 0}
  m_PrefabAsset: {fileID: 0}
  m_GameObject: {fileID: 214303410484460533}
  m_LocalRotation: {x: 0.20725612, y: -0.0000015053712, z: 0.0000011810802, w: 0.97828674}
  m_LocalPosition: {x: -0.00043022155, y: 0.0005797958, z: 0.036738977}
  m_LocalScale: {x: 1.0000069, y: 1.0000056, z: 1.0000023}
  m_Children: []
  m_Father: {fileID: 1130538791245717784}
  m_RootOrder: 0
  m_LocalEulerAnglesHint: {x: 0, y: 0, z: 0}
--- !u!1 &418314668816137334
GameObject:
  m_ObjectHideFlags: 0
  m_CorrespondingSourceObject: {fileID: 0}
  m_PrefabInstance: {fileID: 0}
  m_PrefabAsset: {fileID: 0}
  serializedVersion: 6
  m_Component:
  - component: {fileID: 7234596148708661331}
  m_Layer: 0
  m_Name: Ring_Distal_R
  m_TagString: Untagged
  m_Icon: {fileID: 0}
  m_NavMeshLayer: 0
  m_StaticEditorFlags: 0
  m_IsActive: 1
--- !u!4 &7234596148708661331
Transform:
  m_ObjectHideFlags: 0
  m_CorrespondingSourceObject: {fileID: 0}
  m_PrefabInstance: {fileID: 0}
  m_PrefabAsset: {fileID: 0}
  m_GameObject: {fileID: 418314668816137334}
  m_LocalRotation: {x: 0.5620836, y: 0.000000048935615, z: 0.0000000064949646, w: 0.8270804}
  m_LocalPosition: {x: -0.0012278223, y: 0.0008013153, z: 0.031191537}
  m_LocalScale: {x: 1.000002, y: 0.9999996, z: 0.9999986}
  m_Children: []
  m_Father: {fileID: 2041743298009158744}
  m_RootOrder: 0
  m_LocalEulerAnglesHint: {x: 0, y: 0, z: 0}
--- !u!1 &1404056141135767999
GameObject:
  m_ObjectHideFlags: 0
  m_CorrespondingSourceObject: {fileID: 0}
  m_PrefabInstance: {fileID: 0}
  m_PrefabAsset: {fileID: 0}
  serializedVersion: 6
  m_Component:
  - component: {fileID: 1688522883552824442}
  m_Layer: 0
  m_Name: Hand_L
  m_TagString: Untagged
  m_Icon: {fileID: 0}
  m_NavMeshLayer: 0
  m_StaticEditorFlags: 0
  m_IsActive: 1
--- !u!4 &1688522883552824442
Transform:
  m_ObjectHideFlags: 0
  m_CorrespondingSourceObject: {fileID: 0}
  m_PrefabInstance: {fileID: 0}
  m_PrefabAsset: {fileID: 0}
  m_GameObject: {fileID: 1404056141135767999}
  m_LocalRotation: {x: 0.15420339, y: 0.068672165, z: 0.012692702, w: 0.98556805}
  m_LocalPosition: {x: 0.010559273, y: -0.0040984484, z: 0.21601923}
  m_LocalScale: {x: 1.0000023, y: 1.0000011, z: 1.0000013}
  m_Children:
  - {fileID: 4314667480985834391}
  - {fileID: 2453760499788994977}
  - {fileID: 7578592432393171467}
  - {fileID: 3168792687155593410}
  - {fileID: 2554400434365657337}
  m_Father: {fileID: 8920683928949338855}
  m_RootOrder: 0
  m_LocalEulerAnglesHint: {x: 0, y: 0, z: 0}
--- !u!1 &1430706015596299582
GameObject:
  m_ObjectHideFlags: 0
  m_CorrespondingSourceObject: {fileID: 0}
  m_PrefabInstance: {fileID: 0}
  m_PrefabAsset: {fileID: 0}
  serializedVersion: 6
  m_Component:
  - component: {fileID: 996161422077026935}
  m_Layer: 0
  m_Name: Index_Intermediate_R
  m_TagString: Untagged
  m_Icon: {fileID: 0}
  m_NavMeshLayer: 0
  m_StaticEditorFlags: 0
  m_IsActive: 1
--- !u!4 &996161422077026935
Transform:
  m_ObjectHideFlags: 0
  m_CorrespondingSourceObject: {fileID: 0}
  m_PrefabInstance: {fileID: 0}
  m_PrefabAsset: {fileID: 0}
  m_GameObject: {fileID: 1430706015596299582}
  m_LocalRotation: {x: 0.5315819, y: 0.005262633, z: -0.0053348597, w: 0.8469738}
  m_LocalPosition: {x: -0.0025138091, y: 0.0010529327, z: 0.039844625}
  m_LocalScale: {x: 1.0000005, y: 1.0000031, z: 1.000004}
  m_Children:
  - {fileID: 5266545607568606631}
  m_Father: {fileID: 4808485773943095962}
  m_RootOrder: 0
  m_LocalEulerAnglesHint: {x: 0, y: 0, z: 0}
--- !u!1 &1541396627293422144
GameObject:
  m_ObjectHideFlags: 0
  m_CorrespondingSourceObject: {fileID: 0}
  m_PrefabInstance: {fileID: 0}
  m_PrefabAsset: {fileID: 0}
  serializedVersion: 6
  m_Component:
  - component: {fileID: 7138638561176144314}
  m_Layer: 0
  m_Name: Index_Intermediate_L
  m_TagString: Untagged
  m_Icon: {fileID: 0}
  m_NavMeshLayer: 0
  m_StaticEditorFlags: 0
  m_IsActive: 1
--- !u!4 &7138638561176144314
Transform:
  m_ObjectHideFlags: 0
  m_CorrespondingSourceObject: {fileID: 0}
  m_PrefabInstance: {fileID: 0}
  m_PrefabAsset: {fileID: 0}
  m_GameObject: {fileID: 1541396627293422144}
  m_LocalRotation: {x: 0.21771298, y: -0.0067465645, z: 0.0032669557, w: 0.97598404}
  m_LocalPosition: {x: 0.002513771, y: 0.0010528945, z: 0.03984474}
  m_LocalScale: {x: 1.0000072, y: 1.0000039, z: 1.0000049}
  m_Children:
  - {fileID: 2302338698158324114}
  m_Father: {fileID: 4314667480985834391}
  m_RootOrder: 0
  m_LocalEulerAnglesHint: {x: 0, y: 0, z: 0}
--- !u!1 &1661133487948276719
GameObject:
  m_ObjectHideFlags: 0
  m_CorrespondingSourceObject: {fileID: 0}
  m_PrefabInstance: {fileID: 0}
  m_PrefabAsset: {fileID: 0}
  serializedVersion: 6
  m_Component:
  - component: {fileID: 1130538791245717784}
  m_Layer: 0
  m_Name: Middle_Intermediate_L
  m_TagString: Untagged
  m_Icon: {fileID: 0}
  m_NavMeshLayer: 0
  m_StaticEditorFlags: 0
  m_IsActive: 1
--- !u!4 &1130538791245717784
Transform:
  m_ObjectHideFlags: 0
  m_CorrespondingSourceObject: {fileID: 0}
  m_PrefabInstance: {fileID: 0}
  m_PrefabAsset: {fileID: 0}
  m_GameObject: {fileID: 1661133487948276719}
  m_LocalRotation: {x: 0.20725647, y: -0.00000041831134, z: -0.000000084218634, w: 0.9782867}
  m_LocalPosition: {x: 0.0000023269654, y: 0.001868248, z: 0.039356496}
  m_LocalScale: {x: 0.99999946, y: 0.99999976, z: 1.0000001}
  m_Children:
  - {fileID: 2038902409377643316}
  m_Father: {fileID: 7578592432393171467}
  m_RootOrder: 0
  m_LocalEulerAnglesHint: {x: 0, y: 0, z: 0}
--- !u!1 &1887957320037917279
GameObject:
  m_ObjectHideFlags: 0
  m_CorrespondingSourceObject: {fileID: 0}
  m_PrefabInstance: {fileID: 0}
  m_PrefabAsset: {fileID: 0}
  serializedVersion: 6
  m_Component:
  - component: {fileID: 8070838571605259620}
  m_Layer: 0
  m_Name: Shoulder_L
  m_TagString: Untagged
  m_Icon: {fileID: 0}
  m_NavMeshLayer: 0
  m_StaticEditorFlags: 0
  m_IsActive: 1
--- !u!4 &8070838571605259620
Transform:
  m_ObjectHideFlags: 0
  m_CorrespondingSourceObject: {fileID: 0}
  m_PrefabInstance: {fileID: 0}
  m_PrefabAsset: {fileID: 0}
  m_GameObject: {fileID: 1887957320037917279}
  m_LocalRotation: {x: 0.56829405, y: 0.6303573, z: -0.42166507, w: -0.31920224}
  m_LocalPosition: {x: -0.14886415, y: 0.07183433, z: -0.035082173}
  m_LocalScale: {x: 1.0000075, y: 1.000005, z: 1.0000066}
  m_Children:
  - {fileID: 6655507117293029461}
  m_Father: {fileID: 2551465097663395146}
  m_RootOrder: 0
  m_LocalEulerAnglesHint: {x: 0, y: 0, z: 0}
--- !u!1 &1953054055074518596
GameObject:
  m_ObjectHideFlags: 0
  m_CorrespondingSourceObject: {fileID: 0}
  m_PrefabInstance: {fileID: 0}
  m_PrefabAsset: {fileID: 0}
  serializedVersion: 6
  m_Component:
  - component: {fileID: 3067866821751518653}
  m_Layer: 0
  m_Name: twist_L
  m_TagString: Untagged
  m_Icon: {fileID: 0}
  m_NavMeshLayer: 0
  m_StaticEditorFlags: 0
  m_IsActive: 1
--- !u!4 &3067866821751518653
Transform:
  m_ObjectHideFlags: 0
  m_CorrespondingSourceObject: {fileID: 0}
  m_PrefabInstance: {fileID: 0}
  m_PrefabAsset: {fileID: 0}
  m_GameObject: {fileID: 1953054055074518596}
  m_LocalRotation: {x: -0.0000013113014, y: -0.0000017136325, z: 0.0000022947772, w: 1}
  m_LocalPosition: {x: 0.0059170914, y: -0.002296524, z: 0.121048704}
  m_LocalScale: {x: 1, y: 1, z: 1}
  m_Children: []
  m_Father: {fileID: 8920683928949338855}
  m_RootOrder: 1
  m_LocalEulerAnglesHint: {x: 0, y: 0, z: 0}
--- !u!1 &2000631034909193162
GameObject:
  m_ObjectHideFlags: 0
  m_CorrespondingSourceObject: {fileID: 0}
  m_PrefabInstance: {fileID: 0}
  m_PrefabAsset: {fileID: 0}
  serializedVersion: 6
  m_Component:
  - component: {fileID: 4354492485616203327}
  m_Layer: 0
  m_Name: Little_Distal_R
  m_TagString: Untagged
  m_Icon: {fileID: 0}
  m_NavMeshLayer: 0
  m_StaticEditorFlags: 0
  m_IsActive: 1
--- !u!4 &4354492485616203327
Transform:
  m_ObjectHideFlags: 0
  m_CorrespondingSourceObject: {fileID: 0}
  m_PrefabInstance: {fileID: 0}
  m_PrefabAsset: {fileID: 0}
  m_GameObject: {fileID: 2000631034909193162}
  m_LocalRotation: {x: 0.46097508, y: -0.000000022953111, z: -0.00000005400432, w: 0.8874131}
  m_LocalPosition: {x: 0.000047760008, y: 0.00017333984, z: 0.019161949}
  m_LocalScale: {x: 1.000004, y: 0.9999996, z: 1.0000006}
  m_Children: []
  m_Father: {fileID: 6678278168345429473}
  m_RootOrder: 0
  m_LocalEulerAnglesHint: {x: 0, y: 0, z: 0}
--- !u!1 &2087936469265437476
GameObject:
  m_ObjectHideFlags: 0
  m_CorrespondingSourceObject: {fileID: 0}
  m_PrefabInstance: {fileID: 0}
  m_PrefabAsset: {fileID: 0}
  serializedVersion: 6
  m_Component:
  - component: {fileID: 3780315205441361280}
  m_Layer: 0
  m_Name: twist_R
  m_TagString: Untagged
  m_Icon: {fileID: 0}
  m_NavMeshLayer: 0
  m_StaticEditorFlags: 0
  m_IsActive: 1
--- !u!4 &3780315205441361280
Transform:
  m_ObjectHideFlags: 0
  m_CorrespondingSourceObject: {fileID: 0}
  m_PrefabInstance: {fileID: 0}
  m_PrefabAsset: {fileID: 0}
  m_GameObject: {fileID: 2087936469265437476}
  m_LocalRotation: {x: 0, y: -0, z: -0.31647703, w: 0.94860023}
  m_LocalPosition: {x: -0.005917358, y: -0.0022970175, z: 0.12104865}
  m_LocalScale: {x: 1, y: 1, z: 1}
  m_Children: []
  m_Father: {fileID: 8644498584892723701}
  m_RootOrder: 1
  m_LocalEulerAnglesHint: {x: 0, y: 0, z: 0}
--- !u!1 &2195385858028339493
GameObject:
  m_ObjectHideFlags: 0
  m_CorrespondingSourceObject: {fileID: 0}
  m_PrefabInstance: {fileID: 0}
  m_PrefabAsset: {fileID: 0}
  serializedVersion: 6
  m_Component:
  - component: {fileID: 19796098481663298}
  m_Layer: 0
  m_Name: UpperArm_R
  m_TagString: Untagged
  m_Icon: {fileID: 0}
  m_NavMeshLayer: 0
  m_StaticEditorFlags: 0
  m_IsActive: 1
--- !u!4 &19796098481663298
Transform:
  m_ObjectHideFlags: 0
  m_CorrespondingSourceObject: {fileID: 0}
  m_PrefabInstance: {fileID: 0}
  m_PrefabAsset: {fileID: 0}
  m_GameObject: {fileID: 2195385858028339493}
  m_LocalRotation: {x: 0.39894375, y: 0.07580331, z: 0.0977451, w: 0.9085943}
  m_LocalPosition: {x: 0.011679229, y: -0.04664902, z: 0.090445116}
  m_LocalScale: {x: 0.99999523, y: 0.99999547, z: 0.9999957}
  m_Children:
  - {fileID: 8644498584892723701}
  m_Father: {fileID: 3315010864032206814}
  m_RootOrder: 0
  m_LocalEulerAnglesHint: {x: 0, y: 0, z: 0}
--- !u!1 &2335333221580795380
GameObject:
  m_ObjectHideFlags: 0
  m_CorrespondingSourceObject: {fileID: 0}
  m_PrefabInstance: {fileID: 0}
  m_PrefabAsset: {fileID: 0}
  serializedVersion: 6
  m_Component:
  - component: {fileID: 5560668015152661550}
  m_Layer: 0
  m_Name: LH
  m_TagString: Untagged
  m_Icon: {fileID: 0}
  m_NavMeshLayer: 0
  m_StaticEditorFlags: 0
  m_IsActive: 1
--- !u!4 &5560668015152661550
Transform:
  m_ObjectHideFlags: 0
  m_CorrespondingSourceObject: {fileID: 0}
  m_PrefabInstance: {fileID: 0}
  m_PrefabAsset: {fileID: 0}
  m_GameObject: {fileID: 2335333221580795380}
  m_LocalRotation: {x: -0.00000004470348, y: -0.000000059604638, z: -0.00000008940696, w: 1}
  m_LocalPosition: {x: -0.24218753, y: 0.10541597, z: 0.33093187}
  m_LocalScale: {x: 1, y: 1, z: 1}
  m_Children: []
  m_Father: {fileID: 2965099352329643895}
  m_RootOrder: 0
  m_LocalEulerAnglesHint: {x: 0, y: 0, z: 0}
--- !u!1 &2452779964832208803
GameObject:
  m_ObjectHideFlags: 0
  m_CorrespondingSourceObject: {fileID: 0}
  m_PrefabInstance: {fileID: 0}
  m_PrefabAsset: {fileID: 0}
  serializedVersion: 6
  m_Component:
  - component: {fileID: 7405356670982308790}
  m_Layer: 0
  m_Name: Thumb_Intermediate_L
  m_TagString: Untagged
  m_Icon: {fileID: 0}
  m_NavMeshLayer: 0
  m_StaticEditorFlags: 0
  m_IsActive: 1
--- !u!4 &7405356670982308790
Transform:
  m_ObjectHideFlags: 0
  m_CorrespondingSourceObject: {fileID: 0}
  m_PrefabInstance: {fileID: 0}
  m_PrefabAsset: {fileID: 0}
  m_GameObject: {fileID: 2452779964832208803}
  m_LocalRotation: {x: -0.007853089, y: -0.0000004903495, z: -0.00000017894585, w: 0.9999692}
  m_LocalPosition: {x: 0.009061584, y: 0.0091158105, z: 0.020526981}
  m_LocalScale: {x: 0.9999998, y: 0.9999994, z: 1.0000004}
  m_Children:
  - {fileID: 8499560790114630294}
  m_Father: {fileID: 2554400434365657337}
  m_RootOrder: 0
  m_LocalEulerAnglesHint: {x: 0, y: 0, z: 0}
--- !u!1 &2522639728328573770
GameObject:
  m_ObjectHideFlags: 0
  m_CorrespondingSourceObject: {fileID: 0}
  m_PrefabInstance: {fileID: 0}
  m_PrefabAsset: {fileID: 0}
  serializedVersion: 6
  m_Component:
  - component: {fileID: 2041743298009158744}
  m_Layer: 0
  m_Name: Ring_Intermediate_R
  m_TagString: Untagged
  m_Icon: {fileID: 0}
  m_NavMeshLayer: 0
  m_StaticEditorFlags: 0
  m_IsActive: 1
--- !u!4 &2041743298009158744
Transform:
  m_ObjectHideFlags: 0
  m_CorrespondingSourceObject: {fileID: 0}
  m_PrefabInstance: {fileID: 0}
  m_PrefabAsset: {fileID: 0}
  m_GameObject: {fileID: 2522639728328573770}
  m_LocalRotation: {x: 0.60042065, y: 0.0000002631451, z: 0.00000036503, w: 0.79968435}
  m_LocalPosition: {x: 0.000611434, y: -0.00043533323, z: 0.039393995}
  m_LocalScale: {x: 0.9999986, y: 1.0000037, z: 1.0000042}
  m_Children:
  - {fileID: 7234596148708661331}
  m_Father: {fileID: 5957086368093383925}
  m_RootOrder: 0
  m_LocalEulerAnglesHint: {x: 0, y: 0, z: 0}
--- !u!1 &2926565359099208456
GameObject:
  m_ObjectHideFlags: 0
  m_CorrespondingSourceObject: {fileID: 0}
  m_PrefabInstance: {fileID: 0}
  m_PrefabAsset: {fileID: 0}
  serializedVersion: 6
  m_Component:
  - component: {fileID: 1548392998428079219}
  m_Layer: 0
  m_Name: Little_Proximal_R
  m_TagString: Untagged
  m_Icon: {fileID: 0}
  m_NavMeshLayer: 0
  m_StaticEditorFlags: 0
  m_IsActive: 1
--- !u!4 &1548392998428079219
Transform:
  m_ObjectHideFlags: 0
  m_CorrespondingSourceObject: {fileID: 0}
  m_PrefabInstance: {fileID: 0}
  m_PrefabAsset: {fileID: 0}
  m_GameObject: {fileID: 2926565359099208456}
  m_LocalRotation: {x: 0.3020204, y: 0.41757146, z: 0.4418791, w: 0.7342756}
  m_LocalPosition: {x: 0.02630081, y: 0.04526612, z: 0.08524292}
  m_LocalScale: {x: 1, y: 0.99999547, z: 1.0000002}
  m_Children:
  - {fileID: 6678278168345429473}
  m_Father: {fileID: 4571267635108270855}
  m_RootOrder: 1
  m_LocalEulerAnglesHint: {x: 0, y: 0, z: 0}
--- !u!1 &3222666156325220795
GameObject:
  m_ObjectHideFlags: 0
  m_CorrespondingSourceObject: {fileID: 0}
  m_PrefabInstance: {fileID: 0}
  m_PrefabAsset: {fileID: 0}
  serializedVersion: 6
  m_Component:
  - component: {fileID: 4304117583629245865}
  m_Layer: 0
  m_Name: Tomahawk_Bone
  m_TagString: Untagged
  m_Icon: {fileID: 0}
  m_NavMeshLayer: 0
  m_StaticEditorFlags: 0
  m_IsActive: 1
--- !u!4 &4304117583629245865
Transform:
  m_ObjectHideFlags: 0
  m_CorrespondingSourceObject: {fileID: 0}
  m_PrefabInstance: {fileID: 0}
  m_PrefabAsset: {fileID: 0}
  m_GameObject: {fileID: 3222666156325220795}
  m_LocalRotation: {x: 0.33000234, y: 0.40513504, z: -0.6768548, w: 0.51848984}
  m_LocalPosition: {x: 0.04808571, y: -0.0034645651, z: 0.08726438}
  m_LocalScale: {x: 1.0999992, y: 1.0999998, z: 1.0999991}
  m_Children: []
  m_Father: {fileID: 4571267635108270855}
  m_RootOrder: 5
  m_LocalEulerAnglesHint: {x: 0, y: 0, z: 0}
--- !u!1 &3608385788098521965
GameObject:
  m_ObjectHideFlags: 0
  m_CorrespondingSourceObject: {fileID: 0}
  m_PrefabInstance: {fileID: 0}
  m_PrefabAsset: {fileID: 0}
  serializedVersion: 6
  m_Component:
  - component: {fileID: 5957086368093383925}
  m_Layer: 0
  m_Name: Ring_Proximal_R
  m_TagString: Untagged
  m_Icon: {fileID: 0}
  m_NavMeshLayer: 0
  m_StaticEditorFlags: 0
  m_IsActive: 1
--- !u!4 &5957086368093383925
Transform:
  m_ObjectHideFlags: 0
  m_CorrespondingSourceObject: {fileID: 0}
  m_PrefabInstance: {fileID: 0}
  m_PrefabAsset: {fileID: 0}
  m_GameObject: {fileID: 3608385788098521965}
  m_LocalRotation: {x: 0.24862567, y: 0.36337483, z: 0.5846968, w: 0.6813763}
  m_LocalPosition: {x: 0.016494675, y: 0.023048276, z: 0.093661614}
  m_LocalScale: {x: 0.99999994, y: 0.99999523, z: 0.9999989}
  m_Children:
  - {fileID: 2041743298009158744}
  m_Father: {fileID: 4571267635108270855}
  m_RootOrder: 3
  m_LocalEulerAnglesHint: {x: 0, y: 0, z: 0}
--- !u!1 &3758408577369298776
GameObject:
  m_ObjectHideFlags: 0
  m_CorrespondingSourceObject: {fileID: 0}
  m_PrefabInstance: {fileID: 0}
  m_PrefabAsset: {fileID: 0}
  serializedVersion: 6
  m_Component:
  - component: {fileID: 4808485773943095962}
  m_Layer: 0
  m_Name: Index_Proximal_R
  m_TagString: Untagged
  m_Icon: {fileID: 0}
  m_NavMeshLayer: 0
  m_StaticEditorFlags: 0
  m_IsActive: 1
--- !u!4 &4808485773943095962
Transform:
  m_ObjectHideFlags: 0
  m_CorrespondingSourceObject: {fileID: 0}
  m_PrefabInstance: {fileID: 0}
  m_PrefabAsset: {fileID: 0}
  m_GameObject: {fileID: 3758408577369298776}
  m_LocalRotation: {x: 0.40491664, y: 0.3307596, z: 0.66849834, w: 0.5289145}
  m_LocalPosition: {x: 0.017753143, y: -0.026609497, z: 0.113457255}
  m_LocalScale: {x: 0.9999994, y: 0.9999962, z: 0.9999983}
  m_Children:
  - {fileID: 996161422077026935}
  m_Father: {fileID: 4571267635108270855}
  m_RootOrder: 0
  m_LocalEulerAnglesHint: {x: 0, y: 0, z: 0}
--- !u!1 &3773028034666373621
GameObject:
  m_ObjectHideFlags: 0
  m_CorrespondingSourceObject: {fileID: 0}
  m_PrefabInstance: {fileID: 0}
  m_PrefabAsset: {fileID: 0}
  serializedVersion: 6
  m_Component:
  - component: {fileID: 2244610189602531378}
  m_Layer: 0
  m_Name: Root
  m_TagString: Untagged
  m_Icon: {fileID: 0}
  m_NavMeshLayer: 0
  m_StaticEditorFlags: 0
  m_IsActive: 1
--- !u!4 &2244610189602531378
Transform:
  m_ObjectHideFlags: 0
  m_CorrespondingSourceObject: {fileID: 0}
  m_PrefabInstance: {fileID: 0}
  m_PrefabAsset: {fileID: 0}
  m_GameObject: {fileID: 3773028034666373621}
  m_LocalRotation: {x: 0, y: -0, z: -0, w: 1}
  m_LocalPosition: {x: -0, y: 0, z: 0}
  m_LocalScale: {x: 0.99999994, y: 1, z: 0.99999994}
  m_Children:
  - {fileID: 2551465097663395146}
  m_Father: {fileID: 8779545465774397704}
  m_RootOrder: 1
  m_LocalEulerAnglesHint: {x: 0, y: 0, z: 0}
--- !u!1 &4171026328332928291
GameObject:
  m_ObjectHideFlags: 0
  m_CorrespondingSourceObject: {fileID: 0}
  m_PrefabInstance: {fileID: 0}
  m_PrefabAsset: {fileID: 0}
  serializedVersion: 6
  m_Component:
  - component: {fileID: 7578592432393171467}
  m_Layer: 0
  m_Name: Middle_Proximal_L
  m_TagString: Untagged
  m_Icon: {fileID: 0}
  m_NavMeshLayer: 0
  m_StaticEditorFlags: 0
  m_IsActive: 1
--- !u!4 &7578592432393171467
Transform:
  m_ObjectHideFlags: 0
  m_CorrespondingSourceObject: {fileID: 0}
  m_PrefabInstance: {fileID: 0}
  m_PrefabAsset: {fileID: 0}
  m_GameObject: {fileID: 4171026328332928291}
  m_LocalRotation: {x: 0.07997126, y: -0.105702914, z: -0.7264458, w: 0.6743204}
  m_LocalPosition: {x: -0.013816299, y: -0.0029293632, z: 0.10583963}
  m_LocalScale: {x: 0.99999523, y: 0.99999505, z: 1.0000001}
  m_Children:
  - {fileID: 1130538791245717784}
  m_Father: {fileID: 1688522883552824442}
  m_RootOrder: 2
  m_LocalEulerAnglesHint: {x: 0, y: 0, z: 0}
--- !u!1 &4419920883655990864
GameObject:
  m_ObjectHideFlags: 0
  m_CorrespondingSourceObject: {fileID: 0}
  m_PrefabInstance: {fileID: 0}
  m_PrefabAsset: {fileID: 0}
  serializedVersion: 6
  m_Component:
  - component: {fileID: 2965099352329643895}
  - component: {fileID: 3326467997555860341}
  m_Layer: 0
  m_Name: Arms
  m_TagString: Untagged
  m_Icon: {fileID: 0}
  m_NavMeshLayer: 0
  m_StaticEditorFlags: 0
  m_IsActive: 1
--- !u!4 &2965099352329643895
Transform:
  m_ObjectHideFlags: 0
  m_CorrespondingSourceObject: {fileID: 0}
  m_PrefabInstance: {fileID: 0}
  m_PrefabAsset: {fileID: 0}
  m_GameObject: {fileID: 4419920883655990864}
  m_LocalRotation: {x: 0, y: -0, z: -0, w: 1}
  m_LocalPosition: {x: -0, y: 0.3519715, z: 0}
  m_LocalScale: {x: 1, y: 1, z: 1}
  m_Children:
  - {fileID: 5560668015152661550}
  - {fileID: 623945393866331469}
  m_Father: {fileID: 8779545465774397704}
  m_RootOrder: 0
  m_LocalEulerAnglesHint: {x: 0, y: 0, z: 0}
--- !u!137 &3326467997555860341
SkinnedMeshRenderer:
  m_ObjectHideFlags: 0
  m_CorrespondingSourceObject: {fileID: 0}
  m_PrefabInstance: {fileID: 0}
  m_PrefabAsset: {fileID: 0}
  m_GameObject: {fileID: 4419920883655990864}
  m_Enabled: 1
  m_CastShadows: 1
  m_ReceiveShadows: 1
  m_DynamicOccludee: 1
  m_MotionVectors: 1
  m_LightProbeUsage: 1
  m_ReflectionProbeUsage: 1
  m_RayTracingMode: 3
  m_RayTraceProcedural: 0
  m_RenderingLayerMask: 1
  m_RendererPriority: 0
  m_Materials:
  - {fileID: -1620758127226173791, guid: e82cf4869315db34ca28fe73ac1f7a60, type: 3}
  m_StaticBatchInfo:
    firstSubMesh: 0
    subMeshCount: 0
  m_StaticBatchRoot: {fileID: 0}
  m_ProbeAnchor: {fileID: 0}
  m_LightProbeVolumeOverride: {fileID: 0}
  m_ScaleInLightmap: 1
  m_ReceiveGI: 1
  m_PreserveUVs: 0
  m_IgnoreNormalsForChartDetection: 0
  m_ImportantGI: 0
  m_StitchLightmapSeams: 1
  m_SelectedEditorRenderState: 3
  m_MinimumChartSize: 4
  m_AutoUVMaxDistance: 0.5
  m_AutoUVMaxAngle: 89
  m_LightmapParameters: {fileID: 0}
  m_SortingLayerID: 0
  m_SortingLayer: 0
  m_SortingOrder: 0
  serializedVersion: 2
  m_Quality: 0
  m_UpdateWhenOffscreen: 0
  m_SkinnedMotionVectors: 1
  m_Mesh: {fileID: 4889536061818514836, guid: e82cf4869315db34ca28fe73ac1f7a60, type: 3}
  m_Bones:
  - {fileID: 2244610189602531378}
  - {fileID: 2551465097663395146}
  - {fileID: 3315010864032206814}
  - {fileID: 19796098481663298}
  - {fileID: 8644498584892723701}
  - {fileID: 4571267635108270855}
  - {fileID: 1925235832393896045}
  - {fileID: 4417866166288454381}
  - {fileID: 6363066095754858763}
  - {fileID: 4808485773943095962}
  - {fileID: 996161422077026935}
  - {fileID: 5266545607568606631}
  - {fileID: 1489953510512498657}
  - {fileID: 2571113139843655013}
  - {fileID: 1040150704850278546}
  - {fileID: 5957086368093383925}
  - {fileID: 2041743298009158744}
  - {fileID: 7234596148708661331}
  - {fileID: 1548392998428079219}
  - {fileID: 6678278168345429473}
  - {fileID: 4354492485616203327}
  - {fileID: 3780315205441361280}
  - {fileID: 8070838571605259620}
  - {fileID: 6655507117293029461}
  - {fileID: 8920683928949338855}
  - {fileID: 1688522883552824442}
  - {fileID: 2554400434365657337}
  - {fileID: 7405356670982308790}
  - {fileID: 8499560790114630294}
  - {fileID: 4314667480985834391}
  - {fileID: 7138638561176144314}
  - {fileID: 2302338698158324114}
  - {fileID: 7578592432393171467}
  - {fileID: 1130538791245717784}
  - {fileID: 2038902409377643316}
  - {fileID: 3168792687155593410}
  - {fileID: 7763768100509142341}
  - {fileID: 4146796015983965893}
  - {fileID: 2453760499788994977}
  - {fileID: 1797102071669956504}
  - {fileID: 1643424101776285276}
  - {fileID: 3067866821751518653}
  m_BlendShapeWeights: []
  m_RootBone: {fileID: 2244610189602531378}
  m_AABB:
    m_Center: {x: 0.025200754, y: 0.39595017, z: 0.11131844}
    m_Extent: {x: 0.52019715, y: 0.18519863, z: 0.3140481}
  m_DirtyAABB: 0
--- !u!1 &4675558239686318862
GameObject:
  m_ObjectHideFlags: 0
  m_CorrespondingSourceObject: {fileID: 0}
  m_PrefabInstance: {fileID: 0}
  m_PrefabAsset: {fileID: 0}
  serializedVersion: 6
  m_Component:
  - component: {fileID: 1489953510512498657}
  m_Layer: 0
  m_Name: Middle_Proximal_R
  m_TagString: Untagged
  m_Icon: {fileID: 0}
  m_NavMeshLayer: 0
  m_StaticEditorFlags: 0
  m_IsActive: 1
--- !u!4 &1489953510512498657
Transform:
  m_ObjectHideFlags: 0
  m_CorrespondingSourceObject: {fileID: 0}
  m_PrefabInstance: {fileID: 0}
  m_PrefabAsset: {fileID: 0}
  m_GameObject: {fileID: 4675558239686318862}
  m_LocalRotation: {x: 0.30088532, y: 0.3425679, z: 0.6492646, w: 0.6087453}
  m_LocalPosition: {x: 0.013816299, y: -0.0029294682, z: 0.10583969}
  m_LocalScale: {x: 1.0000012, y: 0.99999714, z: 1.0000001}
  m_Children:
  - {fileID: 2571113139843655013}
  m_Father: {fileID: 4571267635108270855}
  m_RootOrder: 2
  m_LocalEulerAnglesHint: {x: 0, y: 0, z: 0}
--- !u!1 &4689040195156153169
GameObject:
  m_ObjectHideFlags: 0
  m_CorrespondingSourceObject: {fileID: 0}
  m_PrefabInstance: {fileID: 0}
  m_PrefabAsset: {fileID: 0}
  serializedVersion: 6
  m_Component:
  - component: {fileID: 1643424101776285276}
  m_Layer: 0
  m_Name: Little_Distal_L
  m_TagString: Untagged
  m_Icon: {fileID: 0}
  m_NavMeshLayer: 0
  m_StaticEditorFlags: 0
  m_IsActive: 1
--- !u!4 &1643424101776285276
Transform:
  m_ObjectHideFlags: 0
  m_CorrespondingSourceObject: {fileID: 0}
  m_PrefabInstance: {fileID: 0}
  m_PrefabAsset: {fileID: 0}
  m_GameObject: {fileID: 4689040195156153169}
  m_LocalRotation: {x: 0.15318288, y: -0.00000031743627, z: 0.00000083846993, w: 0.98819786}
  m_LocalPosition: {x: -0.00004778385, y: 0.00017333984, z: 0.019161882}
  m_LocalScale: {x: 1.0000005, y: 0.9999996, z: 1.0000006}
  m_Children: []
  m_Father: {fileID: 1797102071669956504}
  m_RootOrder: 0
  m_LocalEulerAnglesHint: {x: 0, y: 0, z: 0}
--- !u!1 &4818826797897544925
GameObject:
  m_ObjectHideFlags: 0
  m_CorrespondingSourceObject: {fileID: 0}
  m_PrefabInstance: {fileID: 0}
  m_PrefabAsset: {fileID: 0}
  serializedVersion: 6
  m_Component:
  - component: {fileID: 2554400434365657337}
  m_Layer: 0
  m_Name: Thumb_Proximal_L
  m_TagString: Untagged
  m_Icon: {fileID: 0}
  m_NavMeshLayer: 0
  m_StaticEditorFlags: 0
  m_IsActive: 1
--- !u!4 &2554400434365657337
Transform:
  m_ObjectHideFlags: 0
  m_CorrespondingSourceObject: {fileID: 0}
  m_PrefabInstance: {fileID: 0}
  m_PrefabAsset: {fileID: 0}
  m_GameObject: {fileID: 4818826797897544925}
  m_LocalRotation: {x: -0.45255005, y: 0.028559111, z: 0.805477, w: -0.38156208}
  m_LocalPosition: {x: -0.02874813, y: -0.021778489, z: 0.04460659}
  m_LocalScale: {x: 0.9999909, y: 0.9999917, z: 0.9999966}
  m_Children:
  - {fileID: 7405356670982308790}
  m_Father: {fileID: 1688522883552824442}
  m_RootOrder: 4
  m_LocalEulerAnglesHint: {x: 0, y: 0, z: 0}
--- !u!1 &5131377066025459018
GameObject:
  m_ObjectHideFlags: 0
  m_CorrespondingSourceObject: {fileID: 0}
  m_PrefabInstance: {fileID: 0}
  m_PrefabAsset: {fileID: 0}
  serializedVersion: 6
  m_Component:
  - component: {fileID: 8644498584892723701}
  m_Layer: 0
  m_Name: LowerArm_R
  m_TagString: Untagged
  m_Icon: {fileID: 0}
  m_NavMeshLayer: 0
  m_StaticEditorFlags: 0
  m_IsActive: 1
--- !u!4 &8644498584892723701
Transform:
  m_ObjectHideFlags: 0
  m_CorrespondingSourceObject: {fileID: 0}
  m_PrefabInstance: {fileID: 0}
  m_PrefabAsset: {fileID: 0}
  m_GameObject: {fileID: 5131377066025459018}
  m_LocalRotation: {x: 0.7067238, y: -0.07680102, z: 0.011925306, w: 0.70320755}
  m_LocalPosition: {x: 0.0009670639, y: -0.002064172, z: 0.1946003}
  m_LocalScale: {x: 1.0000045, y: 1.0000017, z: 1.0000017}
  m_Children:
  - {fileID: 4571267635108270855}
  - {fileID: 3780315205441361280}
  m_Father: {fileID: 19796098481663298}
  m_RootOrder: 0
  m_LocalEulerAnglesHint: {x: 0, y: 0, z: 0}
--- !u!1 &5363407837405677077
GameObject:
  m_ObjectHideFlags: 0
  m_CorrespondingSourceObject: {fileID: 0}
  m_PrefabInstance: {fileID: 0}
  m_PrefabAsset: {fileID: 0}
  serializedVersion: 6
  m_Component:
  - component: {fileID: 2302338698158324114}
  m_Layer: 0
  m_Name: Index_Distal_L
  m_TagString: Untagged
  m_Icon: {fileID: 0}
  m_NavMeshLayer: 0
  m_StaticEditorFlags: 0
  m_IsActive: 1
--- !u!4 &2302338698158324114
Transform:
  m_ObjectHideFlags: 0
  m_CorrespondingSourceObject: {fileID: 0}
  m_PrefabInstance: {fileID: 0}
  m_PrefabAsset: {fileID: 0}
  m_GameObject: {fileID: 5363407837405677077}
  m_LocalRotation: {x: 0.1046655, y: -0.010742372, z: 0.00019964602, w: 0.99444944}
  m_LocalPosition: {x: -0.00044704435, y: 0.00061443326, z: 0.030815944}
  m_LocalScale: {x: 1.0000046, y: 1.0000023, z: 1.0000021}
  m_Children: []
  m_Father: {fileID: 7138638561176144314}
  m_RootOrder: 0
  m_LocalEulerAnglesHint: {x: 0, y: 0, z: 0}
--- !u!1 &5371975860681053594
GameObject:
  m_ObjectHideFlags: 0
  m_CorrespondingSourceObject: {fileID: 0}
  m_PrefabInstance: {fileID: 0}
  m_PrefabAsset: {fileID: 0}
  serializedVersion: 6
  m_Component:
  - component: {fileID: 1797102071669956504}
  m_Layer: 0
  m_Name: Little_Intermediate_L
  m_TagString: Untagged
  m_Icon: {fileID: 0}
  m_NavMeshLayer: 0
  m_StaticEditorFlags: 0
  m_IsActive: 1
--- !u!4 &1797102071669956504
Transform:
  m_ObjectHideFlags: 0
  m_CorrespondingSourceObject: {fileID: 0}
  m_PrefabInstance: {fileID: 0}
  m_PrefabAsset: {fileID: 0}
  m_GameObject: {fileID: 5371975860681053594}
  m_LocalRotation: {x: 0.3208075, y: -0.0000007815624, z: 0.00000066541173, w: 0.94714445}
  m_LocalPosition: {x: -0.0008607101, y: 0.0011822509, z: 0.0245932}
  m_LocalScale: {x: 1.0000046, y: 1.0000056, z: 1.0000031}
  m_Children:
  - {fileID: 1643424101776285276}
  m_Father: {fileID: 2453760499788994977}
  m_RootOrder: 0
  m_LocalEulerAnglesHint: {x: 0, y: 0, z: 0}
--- !u!1 &5440812684505186005
GameObject:
  m_ObjectHideFlags: 0
  m_CorrespondingSourceObject: {fileID: 0}
  m_PrefabInstance: {fileID: 0}
  m_PrefabAsset: {fileID: 0}
  serializedVersion: 6
  m_Component:
  - component: {fileID: 6363066095754858763}
  m_Layer: 0
  m_Name: Thumb_Distal_R
  m_TagString: Untagged
  m_Icon: {fileID: 0}
  m_NavMeshLayer: 0
  m_StaticEditorFlags: 0
  m_IsActive: 1
--- !u!4 &6363066095754858763
Transform:
  m_ObjectHideFlags: 0
  m_CorrespondingSourceObject: {fileID: 0}
  m_PrefabInstance: {fileID: 0}
  m_PrefabAsset: {fileID: 0}
  m_GameObject: {fileID: 5440812684505186005}
  m_LocalRotation: {x: -0.000000009111223, y: 0.25628945, z: 0.0000000052922013, w: 0.9666001}
  m_LocalPosition: {x: 0.007091522, y: -0.0013094329, z: 0.04485159}
  m_LocalScale: {x: 0.9999961, y: 1.000004, z: 1.0000012}
  m_Children: []
  m_Father: {fileID: 4417866166288454381}
  m_RootOrder: 0
  m_LocalEulerAnglesHint: {x: 0, y: 0, z: 0}
--- !u!1 &5684257619588116435
GameObject:
  m_ObjectHideFlags: 0
  m_CorrespondingSourceObject: {fileID: 0}
  m_PrefabInstance: {fileID: 0}
  m_PrefabAsset: {fileID: 0}
  serializedVersion: 6
  m_Component:
  - component: {fileID: 6655507117293029461}
  m_Layer: 0
  m_Name: UpperArm_L
  m_TagString: Untagged
  m_Icon: {fileID: 0}
  m_NavMeshLayer: 0
  m_StaticEditorFlags: 0
  m_IsActive: 1
--- !u!4 &6655507117293029461
Transform:
  m_ObjectHideFlags: 0
  m_CorrespondingSourceObject: {fileID: 0}
  m_PrefabInstance: {fileID: 0}
  m_PrefabAsset: {fileID: 0}
  m_GameObject: {fileID: 5684257619588116435}
  m_LocalRotation: {x: 0.38228765, y: -0.28193185, z: -0.030278275, w: 0.87946224}
  m_LocalPosition: {x: -0.011678848, y: -0.04664914, z: 0.09044467}
  m_LocalScale: {x: 0.9999896, y: 0.9999946, z: 0.99999356}
  m_Children:
  - {fileID: 8920683928949338855}
  m_Father: {fileID: 8070838571605259620}
  m_RootOrder: 0
  m_LocalEulerAnglesHint: {x: 0, y: 0, z: 0}
--- !u!1 &5737541264624979184
GameObject:
  m_ObjectHideFlags: 0
  m_CorrespondingSourceObject: {fileID: 0}
  m_PrefabInstance: {fileID: 0}
  m_PrefabAsset: {fileID: 0}
  serializedVersion: 6
  m_Component:
  - component: {fileID: 5266545607568606631}
  m_Layer: 0
  m_Name: Index_Distal_R
  m_TagString: Untagged
  m_Icon: {fileID: 0}
  m_NavMeshLayer: 0
  m_StaticEditorFlags: 0
  m_IsActive: 1
--- !u!4 &5266545607568606631
Transform:
  m_ObjectHideFlags: 0
  m_CorrespondingSourceObject: {fileID: 0}
  m_PrefabInstance: {fileID: 0}
  m_PrefabAsset: {fileID: 0}
  m_GameObject: {fileID: 5737541264624979184}
  m_LocalRotation: {x: 0.43122336, y: 0.010057912, z: -0.00378271, w: 0.90218127}
  m_LocalPosition: {x: 0.00044712066, y: 0.00061439513, z: 0.030816058}
  m_LocalScale: {x: 0.9999997, y: 1.0000024, z: 1.0000023}
  m_Children: []
  m_Father: {fileID: 996161422077026935}
  m_RootOrder: 0
  m_LocalEulerAnglesHint: {x: 0, y: 0, z: 0}
--- !u!1 &5757426713036075349
GameObject:
  m_ObjectHideFlags: 0
  m_CorrespondingSourceObject: {fileID: 0}
  m_PrefabInstance: {fileID: 0}
  m_PrefabAsset: {fileID: 0}
  serializedVersion: 6
  m_Component:
  - component: {fileID: 2453760499788994977}
  m_Layer: 0
  m_Name: Little_Proximal_L
  m_TagString: Untagged
  m_Icon: {fileID: 0}
  m_NavMeshLayer: 0
  m_StaticEditorFlags: 0
  m_IsActive: 1
--- !u!4 &2453760499788994977
Transform:
  m_ObjectHideFlags: 0
  m_CorrespondingSourceObject: {fileID: 0}
  m_PrefabInstance: {fileID: 0}
  m_PrefabAsset: {fileID: 0}
  m_GameObject: {fileID: 5757426713036075349}
  m_LocalRotation: {x: 0.014131083, y: -0.22815615, z: -0.5635306, w: 0.7938378}
  m_LocalPosition: {x: -0.02630081, y: 0.045266286, z: 0.08524286}
  m_LocalScale: {x: 0.99999315, y: 0.9999932, z: 0.99999994}
  m_Children:
  - {fileID: 1797102071669956504}
  m_Father: {fileID: 1688522883552824442}
  m_RootOrder: 1
  m_LocalEulerAnglesHint: {x: 0, y: 0, z: 0}
--- !u!1 &6621054649735410386
GameObject:
  m_ObjectHideFlags: 0
  m_CorrespondingSourceObject: {fileID: 0}
  m_PrefabInstance: {fileID: 0}
  m_PrefabAsset: {fileID: 0}
  serializedVersion: 6
  m_Component:
  - component: {fileID: 4417866166288454381}
  m_Layer: 0
  m_Name: Thumb_Intermediate_R
  m_TagString: Untagged
  m_Icon: {fileID: 0}
  m_NavMeshLayer: 0
  m_StaticEditorFlags: 0
  m_IsActive: 1
--- !u!4 &4417866166288454381
Transform:
  m_ObjectHideFlags: 0
  m_CorrespondingSourceObject: {fileID: 0}
  m_PrefabInstance: {fileID: 0}
  m_PrefabAsset: {fileID: 0}
  m_GameObject: {fileID: 6621054649735410386}
  m_LocalRotation: {x: -0.000000007234618, y: 0.054950193, z: -0.000000004129052, w: 0.99848914}
  m_LocalPosition: {x: -0.00906147, y: 0.009115791, z: 0.020526942}
  m_LocalScale: {x: 1.0000058, y: 0.9999995, z: 1.0000005}
  m_Children:
  - {fileID: 6363066095754858763}
  m_Father: {fileID: 1925235832393896045}
  m_RootOrder: 0
  m_LocalEulerAnglesHint: {x: 0, y: 0, z: 0}
--- !u!1 &6718611059595031312
GameObject:
  m_ObjectHideFlags: 0
  m_CorrespondingSourceObject: {fileID: 0}
  m_PrefabInstance: {fileID: 0}
  m_PrefabAsset: {fileID: 0}
  serializedVersion: 6
  m_Component:
  - component: {fileID: 3168792687155593410}
  m_Layer: 0
  m_Name: Ring_Proximal_L
  m_TagString: Untagged
  m_Icon: {fileID: 0}
  m_NavMeshLayer: 0
  m_StaticEditorFlags: 0
  m_IsActive: 1
--- !u!4 &3168792687155593410
Transform:
  m_ObjectHideFlags: 0
  m_CorrespondingSourceObject: {fileID: 0}
  m_PrefabInstance: {fileID: 0}
  m_PrefabAsset: {fileID: 0}
  m_GameObject: {fileID: 6718611059595031312}
  m_LocalRotation: {x: 0.0064309523, y: -0.14690469, z: -0.6725539, w: 0.7252923}
  m_LocalPosition: {x: -0.016494675, y: 0.0230484, z: 0.093661554}
  m_LocalScale: {x: 0.99999005, y: 0.9999913, z: 0.99999875}
  m_Children:
  - {fileID: 7763768100509142341}
  m_Father: {fileID: 1688522883552824442}
  m_RootOrder: 3
  m_LocalEulerAnglesHint: {x: 0, y: 0, z: 0}
--- !u!1 &6976430173811631089
GameObject:
  m_ObjectHideFlags: 0
  m_CorrespondingSourceObject: {fileID: 0}
  m_PrefabInstance: {fileID: 0}
  m_PrefabAsset: {fileID: 0}
  serializedVersion: 6
  m_Component:
  - component: {fileID: 6678278168345429473}
  m_Layer: 0
  m_Name: Little_Intermediate_R
  m_TagString: Untagged
  m_Icon: {fileID: 0}
  m_NavMeshLayer: 0
  m_StaticEditorFlags: 0
  m_IsActive: 1
--- !u!4 &6678278168345429473
Transform:
  m_ObjectHideFlags: 0
  m_CorrespondingSourceObject: {fileID: 0}
  m_PrefabInstance: {fileID: 0}
  m_PrefabAsset: {fileID: 0}
  m_GameObject: {fileID: 6976430173811631089}
  m_LocalRotation: {x: 0.36812505, y: -0.000000022335957, z: 0.00000005046458, w: 0.9297763}
  m_LocalPosition: {x: 0.000860672, y: 0.0011822128, z: 0.024593106}
  m_LocalScale: {x: 0.99999785, y: 1.0000036, z: 1.0000011}
  m_Children:
  - {fileID: 4354492485616203327}
  m_Father: {fileID: 1548392998428079219}
  m_RootOrder: 0
  m_LocalEulerAnglesHint: {x: 0, y: 0, z: 0}
--- !u!1 &7084750043370551042
GameObject:
  m_ObjectHideFlags: 0
  m_CorrespondingSourceObject: {fileID: 0}
  m_PrefabInstance: {fileID: 0}
  m_PrefabAsset: {fileID: 0}
  serializedVersion: 6
  m_Component:
  - component: {fileID: 4571267635108270855}
  m_Layer: 0
  m_Name: Hand_R
  m_TagString: Untagged
  m_Icon: {fileID: 0}
  m_NavMeshLayer: 0
  m_StaticEditorFlags: 0
  m_IsActive: 1
--- !u!4 &4571267635108270855
Transform:
  m_ObjectHideFlags: 0
  m_CorrespondingSourceObject: {fileID: 0}
  m_PrefabInstance: {fileID: 0}
  m_PrefabAsset: {fileID: 0}
  m_GameObject: {fileID: 7084750043370551042}
  m_LocalRotation: {x: 0.074539565, y: -0.0022523652, z: -0.3058964, w: 0.9491397}
  m_LocalPosition: {x: -0.0105599165, y: -0.0040992056, z: 0.21601926}
  m_LocalScale: {x: 0.99999976, y: 1.000001, z: 1.0000012}
  m_Children:
  - {fileID: 4808485773943095962}
  - {fileID: 1548392998428079219}
  - {fileID: 1489953510512498657}
  - {fileID: 5957086368093383925}
  - {fileID: 1925235832393896045}
  - {fileID: 4304117583629245865}
  m_Father: {fileID: 8644498584892723701}
  m_RootOrder: 0
  m_LocalEulerAnglesHint: {x: 0, y: 0, z: 0}
--- !u!1 &7195855481244979352
GameObject:
  m_ObjectHideFlags: 0
  m_CorrespondingSourceObject: {fileID: 0}
  m_PrefabInstance: {fileID: 0}
  m_PrefabAsset: {fileID: 0}
  serializedVersion: 6
  m_Component:
  - component: {fileID: 2551465097663395146}
  m_Layer: 0
  m_Name: pec
  m_TagString: Untagged
  m_Icon: {fileID: 0}
  m_NavMeshLayer: 0
  m_StaticEditorFlags: 0
  m_IsActive: 1
--- !u!4 &2551465097663395146
Transform:
  m_ObjectHideFlags: 0
  m_CorrespondingSourceObject: {fileID: 0}
  m_PrefabInstance: {fileID: 0}
  m_PrefabAsset: {fileID: 0}
  m_GameObject: {fileID: 7195855481244979352}
  m_LocalRotation: {x: 0, y: -0, z: -0, w: 1}
  m_LocalPosition: {x: -0, y: 0.422288, z: 0}
  m_LocalScale: {x: 1.0000001, y: 1, z: 1.0000001}
  m_Children:
  - {fileID: 8070838571605259620}
  - {fileID: 3315010864032206814}
  m_Father: {fileID: 2244610189602531378}
  m_RootOrder: 0
  m_LocalEulerAnglesHint: {x: 0, y: 0, z: 0}
--- !u!1 &7203737383497219780
GameObject:
  m_ObjectHideFlags: 0
  m_CorrespondingSourceObject: {fileID: 0}
  m_PrefabInstance: {fileID: 0}
  m_PrefabAsset: {fileID: 0}
  serializedVersion: 6
  m_Component:
  - component: {fileID: 1925235832393896045}
  m_Layer: 0
  m_Name: Thumb_Proximal_R
  m_TagString: Untagged
  m_Icon: {fileID: 0}
  m_NavMeshLayer: 0
  m_StaticEditorFlags: 0
  m_IsActive: 1
--- !u!4 &1925235832393896045
Transform:
  m_ObjectHideFlags: 0
  m_CorrespondingSourceObject: {fileID: 0}
  m_PrefabInstance: {fileID: 0}
  m_PrefabAsset: {fileID: 0}
  m_GameObject: {fileID: 7203737383497219780}
  m_LocalRotation: {x: 0.4555327, y: 0.03488354, z: 0.80522823, w: 0.37799552}
  m_LocalPosition: {x: 0.028748168, y: -0.021778516, z: 0.044606667}
  m_LocalScale: {x: 0.99999785, y: 0.9999973, z: 0.99999803}
  m_Children:
  - {fileID: 4417866166288454381}
  m_Father: {fileID: 4571267635108270855}
  m_RootOrder: 4
  m_LocalEulerAnglesHint: {x: 0, y: 0, z: 0}
--- !u!1 &7247655514090155462
GameObject:
  m_ObjectHideFlags: 0
  m_CorrespondingSourceObject: {fileID: 0}
  m_PrefabInstance: {fileID: 0}
  m_PrefabAsset: {fileID: 0}
  serializedVersion: 6
  m_Component:
  - component: {fileID: 8499560790114630294}
  m_Layer: 0
  m_Name: Thumb_Distal_L
  m_TagString: Untagged
  m_Icon: {fileID: 0}
  m_NavMeshLayer: 0
  m_StaticEditorFlags: 0
  m_IsActive: 1
--- !u!4 &8499560790114630294
Transform:
  m_ObjectHideFlags: 0
  m_CorrespondingSourceObject: {fileID: 0}
  m_PrefabInstance: {fileID: 0}
  m_PrefabAsset: {fileID: 0}
  m_GameObject: {fileID: 7247655514090155462}
  m_LocalRotation: {x: -0.007854252, y: 0.000000075908034, z: -0.00000017822359, w: 0.9999692}
  m_LocalPosition: {x: -0.0070915604, y: -0.0013093376, z: 0.044851627}
  m_LocalScale: {x: 1.0000051, y: 1.0000039, z: 1.0000011}
  m_Children: []
  m_Father: {fileID: 7405356670982308790}
  m_RootOrder: 0
  m_LocalEulerAnglesHint: {x: 0, y: 0, z: 0}
--- !u!1 &7539196532186652282
GameObject:
  m_ObjectHideFlags: 0
  m_CorrespondingSourceObject: {fileID: 0}
  m_PrefabInstance: {fileID: 0}
  m_PrefabAsset: {fileID: 0}
  serializedVersion: 6
  m_Component:
  - component: {fileID: 4314667480985834391}
  m_Layer: 0
  m_Name: Index_Proximal_L
  m_TagString: Untagged
  m_Icon: {fileID: 0}
  m_NavMeshLayer: 0
  m_StaticEditorFlags: 0
  m_IsActive: 1
--- !u!4 &4314667480985834391
Transform:
  m_ObjectHideFlags: 0
  m_CorrespondingSourceObject: {fileID: 0}
  m_PrefabInstance: {fileID: 0}
  m_PrefabAsset: {fileID: 0}
  m_GameObject: {fileID: 7539196532186652282}
  m_LocalRotation: {x: 0.057479963, y: 0.009429182, z: -0.7991913, w: 0.59824777}
  m_LocalPosition: {x: -0.017753106, y: -0.026609363, z: 0.11345728}
  m_LocalScale: {x: 0.99998987, y: 0.99999154, z: 0.99999833}
  m_Children:
  - {fileID: 7138638561176144314}
  m_Father: {fileID: 1688522883552824442}
  m_RootOrder: 0
  m_LocalEulerAnglesHint: {x: 0, y: 0, z: 0}
--- !u!1 &7967209869044332119
GameObject:
  m_ObjectHideFlags: 0
  m_CorrespondingSourceObject: {fileID: 0}
  m_PrefabInstance: {fileID: 0}
  m_PrefabAsset: {fileID: 0}
  serializedVersion: 6
  m_Component:
  - component: {fileID: 8920683928949338855}
  m_Layer: 0
  m_Name: LowerArm_L
  m_TagString: Untagged
  m_Icon: {fileID: 0}
  m_NavMeshLayer: 0
  m_StaticEditorFlags: 0
  m_IsActive: 1
--- !u!4 &8920683928949338855
Transform:
  m_ObjectHideFlags: 0
  m_CorrespondingSourceObject: {fileID: 0}
  m_PrefabInstance: {fileID: 0}
  m_PrefabAsset: {fileID: 0}
  m_GameObject: {fileID: 7967209869044332119}
  m_LocalRotation: {x: 0.70672697, y: 0.076802365, z: -0.01192666, w: 0.7032043}
  m_LocalPosition: {x: -0.00096733094, y: -0.002065115, z: 0.1946009}
  m_LocalScale: {x: 1.0000033, y: 1.0000023, z: 1.0000021}
  m_Children:
  - {fileID: 1688522883552824442}
  - {fileID: 3067866821751518653}
  m_Father: {fileID: 6655507117293029461}
  m_RootOrder: 0
  m_LocalEulerAnglesHint: {x: 0, y: 0, z: 0}
--- !u!1 &8258729500317025202
GameObject:
  m_ObjectHideFlags: 0
  m_CorrespondingSourceObject: {fileID: 0}
  m_PrefabInstance: {fileID: 0}
  m_PrefabAsset: {fileID: 0}
  serializedVersion: 6
  m_Component:
  - component: {fileID: 8779545465774397704}
  m_Layer: 0
  m_Name: FPS_KIT Prefeb
  m_TagString: Untagged
  m_Icon: {fileID: 0}
  m_NavMeshLayer: 0
  m_StaticEditorFlags: 0
  m_IsActive: 1
--- !u!4 &8779545465774397704
Transform:
  m_ObjectHideFlags: 0
  m_CorrespondingSourceObject: {fileID: 0}
  m_PrefabInstance: {fileID: 0}
  m_PrefabAsset: {fileID: 0}
  m_GameObject: {fileID: 8258729500317025202}
  m_LocalRotation: {x: 0, y: -0, z: -0, w: 1}
  m_LocalPosition: {x: -4.412657, y: 2.0544324, z: -2.9829016}
  m_LocalScale: {x: 1, y: 1, z: 1}
  m_Children:
  - {fileID: 2965099352329643895}
  - {fileID: 2244610189602531378}
  m_Father: {fileID: 0}
  m_RootOrder: 0
  m_LocalEulerAnglesHint: {x: 0, y: 0, z: 0}
--- !u!1 &8352215580334438116
GameObject:
  m_ObjectHideFlags: 0
  m_CorrespondingSourceObject: {fileID: 0}
  m_PrefabInstance: {fileID: 0}
  m_PrefabAsset: {fileID: 0}
  serializedVersion: 6
  m_Component:
  - component: {fileID: 2571113139843655013}
  m_Layer: 0
  m_Name: Middle_Intermediate_R
  m_TagString: Untagged
  m_Icon: {fileID: 0}
  m_NavMeshLayer: 0
  m_StaticEditorFlags: 0
  m_IsActive: 1
--- !u!4 &2571113139843655013
Transform:
  m_ObjectHideFlags: 0
  m_CorrespondingSourceObject: {fileID: 0}
  m_PrefabInstance: {fileID: 0}
  m_PrefabAsset: {fileID: 0}
  m_GameObject: {fileID: 8352215580334438116}
  m_LocalRotation: {x: 0.58141327, y: -0.00000000514013, z: 0.000000043995996, w: 0.81360847}
  m_LocalPosition: {x: -0.0000023460389, y: 0.001868248, z: 0.03935646}
  m_LocalScale: {x: 0.999995, y: 0.99999946, z: 0.9999999}
  m_Children:
  - {fileID: 1040150704850278546}
  m_Father: {fileID: 1489953510512498657}
  m_RootOrder: 0
  m_LocalEulerAnglesHint: {x: 0, y: 0, z: 0}
--- !u!1 &8478695528356146396
GameObject:
  m_ObjectHideFlags: 0
  m_CorrespondingSourceObject: {fileID: 0}
  m_PrefabInstance: {fileID: 0}
  m_PrefabAsset: {fileID: 0}
  serializedVersion: 6
  m_Component:
  - component: {fileID: 7763768100509142341}
  m_Layer: 0
  m_Name: Ring_Intermediate_L
  m_TagString: Untagged
  m_Icon: {fileID: 0}
  m_NavMeshLayer: 0
  m_StaticEditorFlags: 0
  m_IsActive: 1
--- !u!4 &7763768100509142341
Transform:
  m_ObjectHideFlags: 0
  m_CorrespondingSourceObject: {fileID: 0}
  m_PrefabInstance: {fileID: 0}
  m_PrefabAsset: {fileID: 0}
  m_GameObject: {fileID: 8478695528356146396}
  m_LocalRotation: {x: 0.29840472, y: -0.0000044582366, z: 0.0000016052197, w: 0.9544394}
  m_LocalPosition: {x: -0.0006115818, y: -0.0004352188, z: 0.03939411}
  m_LocalScale: {x: 1.0000081, y: 1.000006, z: 1.0000064}
  m_Children:
  - {fileID: 4146796015983965893}
  m_Father: {fileID: 3168792687155593410}
  m_RootOrder: 0
  m_LocalEulerAnglesHint: {x: 0, y: 0, z: 0}
--- !u!1 &8635858439115522025
GameObject:
  m_ObjectHideFlags: 0
  m_CorrespondingSourceObject: {fileID: 0}
  m_PrefabInstance: {fileID: 0}
  m_PrefabAsset: {fileID: 0}
  serializedVersion: 6
  m_Component:
  - component: {fileID: 3315010864032206814}
  m_Layer: 0
  m_Name: Shoulder_R
  m_TagString: Untagged
  m_Icon: {fileID: 0}
  m_NavMeshLayer: 0
  m_StaticEditorFlags: 0
  m_IsActive: 1
--- !u!4 &3315010864032206814
Transform:
  m_ObjectHideFlags: 0
  m_CorrespondingSourceObject: {fileID: 0}
  m_PrefabInstance: {fileID: 0}
  m_PrefabAsset: {fileID: 0}
  m_GameObject: {fileID: 8635858439115522025}
  m_LocalRotation: {x: -0.5682935, y: 0.6303576, z: -0.4216652, w: 0.31920245}
  m_LocalPosition: {x: 0.14886415, y: 0.071834296, z: -0.035082173}
  m_LocalScale: {x: 1.0000015, y: 1.0000019, z: 1.0000021}
  m_Children:
  - {fileID: 19796098481663298}
  m_Father: {fileID: 2551465097663395146}
  m_RootOrder: 1
  m_LocalEulerAnglesHint: {x: 0, y: 0, z: 0}
--- !u!1 &8664493136857624624
GameObject:
  m_ObjectHideFlags: 0
  m_CorrespondingSourceObject: {fileID: 0}
  m_PrefabInstance: {fileID: 0}
  m_PrefabAsset: {fileID: 0}
  serializedVersion: 6
  m_Component:
  - component: {fileID: 4146796015983965893}
  m_Layer: 0
  m_Name: Ring_Distal_L
  m_TagString: Untagged
  m_Icon: {fileID: 0}
  m_NavMeshLayer: 0
  m_StaticEditorFlags: 0
  m_IsActive: 1
--- !u!4 &4146796015983965893
Transform:
  m_ObjectHideFlags: 0
  m_CorrespondingSourceObject: {fileID: 0}
  m_PrefabInstance: {fileID: 0}
  m_PrefabAsset: {fileID: 0}
  m_GameObject: {fileID: 8664493136857624624}
  m_LocalRotation: {x: 0.25310355, y: 0.00000083107784, z: -0.0000050770886, w: 0.96743923}
  m_LocalPosition: {x: 0.0012278748, y: 0.0008016205, z: 0.03119149}
  m_LocalScale: {x: 0.99999857, y: 0.9999989, z: 0.99999785}
  m_Children: []
  m_Father: {fileID: 7763768100509142341}
  m_RootOrder: 0
  m_LocalEulerAnglesHint: {x: 0, y: 0, z: 0}
--- !u!1 &9012838272505248004
GameObject:
  m_ObjectHideFlags: 0
  m_CorrespondingSourceObject: {fileID: 0}
  m_PrefabInstance: {fileID: 0}
  m_PrefabAsset: {fileID: 0}
  serializedVersion: 6
  m_Component:
  - component: {fileID: 1040150704850278546}
  m_Layer: 0
  m_Name: Middle_Distal_R
  m_TagString: Untagged
  m_Icon: {fileID: 0}
  m_NavMeshLayer: 0
  m_StaticEditorFlags: 0
  m_IsActive: 1
--- !u!4 &1040150704850278546
Transform:
  m_ObjectHideFlags: 0
  m_CorrespondingSourceObject: {fileID: 0}
  m_PrefabInstance: {fileID: 0}
  m_PrefabAsset: {fileID: 0}
  m_GameObject: {fileID: 9012838272505248004}
  m_LocalRotation: {x: 0.5224984, y: 0.0000000051719047, z: 0.000000030479875, w: 0.8526402}
  m_LocalPosition: {x: 0.00043020246, y: 0.0005797577, z: 0.036738977}
  m_LocalScale: {x: 1.0000056, y: 1.0000049, z: 1.0000017}
  m_Children: []
  m_Father: {fileID: 2571113139843655013}
  m_RootOrder: 0
  m_LocalEulerAnglesHint: {x: 0, y: 0, z: 0}
