%YAML 1.1
%TAG !u! tag:unity3d.com,2011:
--- !u!1 &1765033413
GameObject:
  m_ObjectHideFlags: 0
  m_CorrespondingSourceObject: {fileID: 0}
  m_PrefabInstance: {fileID: 0}
  m_PrefabAsset: {fileID: 0}
  serializedVersion: 6
  m_Component:
  - component: {fileID: 1765033414}
  - component: {fileID: 1765033417}
  - component: {fileID: 1765033416}
  - component: {fileID: 1765033415}
  m_Layer: 0
  m_Name: Capsule
  m_TagString: Player
  m_Icon: {fileID: 0}
  m_NavMeshLayer: 0
  m_StaticEditorFlags: 0
  m_IsActive: 1
--- !u!4 &1765033414
Transform:
  m_ObjectHideFlags: 0
  m_CorrespondingSourceObject: {fileID: 0}
  m_PrefabInstance: {fileID: 0}
  m_PrefabAsset: {fileID: 0}
  m_GameObject: {fileID: 1765033413}
  m_LocalRotation: {x: 0, y: 0, z: 0, w: 1}
  m_LocalPosition: {x: 0.063, y: 0.55, z: 0}
  m_LocalScale: {x: 1.1868705, y: 1.2665851, z: 0.979285}
  m_Children: []
  m_Father: {fileID: 2083011440093198341}
  m_RootOrder: 2
  m_LocalEulerAnglesHint: {x: 0, y: 0, z: 0}
--- !u!33 &1765033417
MeshFilter:
  m_ObjectHideFlags: 0
  m_CorrespondingSourceObject: {fileID: 0}
  m_PrefabInstance: {fileID: 0}
  m_PrefabAsset: {fileID: 0}
  m_GameObject: {fileID: 1765033413}
  m_Mesh: {fileID: 10208, guid: 0000000000000000e000000000000000, type: 0}
--- !u!23 &1765033416
MeshRenderer:
  m_ObjectHideFlags: 0
  m_CorrespondingSourceObject: {fileID: 0}
  m_PrefabInstance: {fileID: 0}
  m_PrefabAsset: {fileID: 0}
  m_GameObject: {fileID: 1765033413}
  m_Enabled: 1
  m_CastShadows: 1
  m_ReceiveShadows: 1
  m_DynamicOccludee: 1
  m_MotionVectors: 1
  m_LightProbeUsage: 1
  m_ReflectionProbeUsage: 1
  m_RayTracingMode: 2
  m_RayTraceProcedural: 0
  m_RenderingLayerMask: 1
  m_RendererPriority: 0
  m_Materials:
  - {fileID: 10303, guid: 0000000000000000f000000000000000, type: 0}
  m_StaticBatchInfo:
    firstSubMesh: 0
    subMeshCount: 0
  m_StaticBatchRoot: {fileID: 0}
  m_ProbeAnchor: {fileID: 0}
  m_LightProbeVolumeOverride: {fileID: 0}
  m_ScaleInLightmap: 1
  m_ReceiveGI: 1
  m_PreserveUVs: 0
  m_IgnoreNormalsForChartDetection: 0
  m_ImportantGI: 0
  m_StitchLightmapSeams: 1
  m_SelectedEditorRenderState: 3
  m_MinimumChartSize: 4
  m_AutoUVMaxDistance: 0.5
  m_AutoUVMaxAngle: 89
  m_LightmapParameters: {fileID: 0}
  m_SortingLayerID: 0
  m_SortingLayer: 0
  m_SortingOrder: 0
  m_AdditionalVertexStreams: {fileID: 0}
--- !u!136 &1765033415
CapsuleCollider:
  m_ObjectHideFlags: 0
  m_CorrespondingSourceObject: {fileID: 0}
  m_PrefabInstance: {fileID: 0}
  m_PrefabAsset: {fileID: 0}
  m_GameObject: {fileID: 1765033413}
  m_Material: {fileID: 0}
  m_IsTrigger: 0
  m_Enabled: 1
  m_Radius: 0.5
  m_Height: 2
  m_Direction: 1
  m_Center: {x: 0, y: 0, z: 0}
--- !u!95 &51767777
Animator:
  serializedVersion: 3
  m_ObjectHideFlags: 0
  m_CorrespondingSourceObject: {fileID: 0}
  m_PrefabInstance: {fileID: 0}
  m_PrefabAsset: {fileID: 0}
  m_GameObject: {fileID: 1020904342197478614}
  m_Enabled: 1
  m_Avatar: {fileID: 0}
  m_Controller: {fileID: 9100000, guid: c2c7ba3bd7935f340a44896048b5ba0b, type: 2}
  m_CullingMode: 0
  m_UpdateMode: 0
  m_ApplyRootMotion: 0
  m_LinearVelocityBlending: 0
  m_WarningMessage: 
  m_HasTransformHierarchy: 1
  m_AllowConstantClipSamplingOptimization: 1
  m_KeepAnimatorControllerStateOnDisable: 0
--- !u!114 &51767778
MonoBehaviour:
  m_ObjectHideFlags: 0
  m_CorrespondingSourceObject: {fileID: 0}
  m_PrefabInstance: {fileID: 0}
  m_PrefabAsset: {fileID: 0}
  m_GameObject: {fileID: 1020904342197478614}
  m_Enabled: 1
  m_EditorHideFlags: 0
  m_Script: {fileID: 11500000, guid: df0c4df255b926c4c89760b9e3ceab58, type: 3}
  m_Name: 
  m_EditorClassIdentifier: 
  cam: {fileID: 2083011440092702213}
  projectile: {fileID: 9139699003779337906, guid: 251357296703ab94bb5fe385d1bcc332, type: 3}
  LHJellyPoint: {fileID: 269677737951920968}
  RHJellyPoint: {fileID: 162889195153561875}
  projectilespeed: 30
  arcRange: 1
--- !u!1001 &2083011439953388520
PrefabInstance:
  m_ObjectHideFlags: 0
  serializedVersion: 2
  m_Modification:
    m_TransformParent: {fileID: 2083011440093198341}
    m_Modifications:
    - target: {fileID: 1351832818915379006, guid: f77fb96151093eb47ae8e48ba6950cbf, type: 3}
      propertyPath: m_Name
      value: FPS_KIT
      objectReference: {fileID: 0}
    - target: {fileID: 1351832818915379006, guid: f77fb96151093eb47ae8e48ba6950cbf, type: 3}
      propertyPath: m_TagString
      value: Player
      objectReference: {fileID: 0}
    - target: {fileID: 1840138699440577924, guid: f77fb96151093eb47ae8e48ba6950cbf, type: 3}
      propertyPath: m_RootOrder
      value: 1
      objectReference: {fileID: 0}
    - target: {fileID: 1840138699440577924, guid: f77fb96151093eb47ae8e48ba6950cbf, type: 3}
      propertyPath: m_LocalScale.x
      value: 1.8685718
      objectReference: {fileID: 0}
    - target: {fileID: 1840138699440577924, guid: f77fb96151093eb47ae8e48ba6950cbf, type: 3}
      propertyPath: m_LocalScale.y
      value: 1.8464148
      objectReference: {fileID: 0}
    - target: {fileID: 1840138699440577924, guid: f77fb96151093eb47ae8e48ba6950cbf, type: 3}
      propertyPath: m_LocalScale.z
      value: 2.8924825
      objectReference: {fileID: 0}
    - target: {fileID: 1840138699440577924, guid: f77fb96151093eb47ae8e48ba6950cbf, type: 3}
      propertyPath: m_LocalPosition.x
      value: 0.05
      objectReference: {fileID: 0}
    - target: {fileID: 1840138699440577924, guid: f77fb96151093eb47ae8e48ba6950cbf, type: 3}
      propertyPath: m_LocalPosition.y
      value: 0.37
      objectReference: {fileID: 0}
    - target: {fileID: 1840138699440577924, guid: f77fb96151093eb47ae8e48ba6950cbf, type: 3}
      propertyPath: m_LocalPosition.z
      value: 0.2
      objectReference: {fileID: 0}
    - target: {fileID: 1840138699440577924, guid: f77fb96151093eb47ae8e48ba6950cbf, type: 3}
      propertyPath: m_LocalRotation.w
      value: 1
      objectReference: {fileID: 0}
    - target: {fileID: 1840138699440577924, guid: f77fb96151093eb47ae8e48ba6950cbf, type: 3}
      propertyPath: m_LocalRotation.x
      value: 0
      objectReference: {fileID: 0}
    - target: {fileID: 1840138699440577924, guid: f77fb96151093eb47ae8e48ba6950cbf, type: 3}
      propertyPath: m_LocalRotation.y
      value: 0
      objectReference: {fileID: 0}
    - target: {fileID: 1840138699440577924, guid: f77fb96151093eb47ae8e48ba6950cbf, type: 3}
      propertyPath: m_LocalRotation.z
      value: 0
      objectReference: {fileID: 0}
    - target: {fileID: 1840138699440577924, guid: f77fb96151093eb47ae8e48ba6950cbf, type: 3}
      propertyPath: m_LocalEulerAnglesHint.x
      value: 0
      objectReference: {fileID: 0}
    - target: {fileID: 1840138699440577924, guid: f77fb96151093eb47ae8e48ba6950cbf, type: 3}
      propertyPath: m_LocalEulerAnglesHint.y
      value: 0
      objectReference: {fileID: 0}
    - target: {fileID: 1840138699440577924, guid: f77fb96151093eb47ae8e48ba6950cbf, type: 3}
      propertyPath: m_LocalEulerAnglesHint.z
      value: 0
      objectReference: {fileID: 0}
    m_RemovedComponents: []
  m_SourcePrefab: {fileID: 100100000, guid: f77fb96151093eb47ae8e48ba6950cbf, type: 3}
--- !u!1 &1020904342197478614 stripped
GameObject:
  m_CorrespondingSourceObject: {fileID: 1351832818915379006, guid: f77fb96151093eb47ae8e48ba6950cbf, type: 3}
  m_PrefabInstance: {fileID: 2083011439953388520}
  m_PrefabAsset: {fileID: 0}
--- !u!4 &269677737951920968 stripped
Transform:
  m_CorrespondingSourceObject: {fileID: 2258064448739319968, guid: f77fb96151093eb47ae8e48ba6950cbf, type: 3}
  m_PrefabInstance: {fileID: 2083011439953388520}
  m_PrefabAsset: {fileID: 0}
--- !u!4 &162889195153561875 stripped
Transform:
  m_CorrespondingSourceObject: {fileID: 2209830365736975099, guid: f77fb96151093eb47ae8e48ba6950cbf, type: 3}
  m_PrefabInstance: {fileID: 2083011439953388520}
  m_PrefabAsset: {fileID: 0}
--- !u!1001 &2083011440093061765
PrefabInstance:
  m_ObjectHideFlags: 0
  serializedVersion: 2
  m_Modification:
    m_TransformParent: {fileID: 0}
    m_Modifications:
    - target: {fileID: 100000, guid: 5e9e851c0e142814dac026a256ba2ac0, type: 3}
      propertyPath: m_Name
      value: FPSController
      objectReference: {fileID: 0}
    - target: {fileID: 100000, guid: 5e9e851c0e142814dac026a256ba2ac0, type: 3}
      propertyPath: m_IsActive
      value: 1
      objectReference: {fileID: 0}
    - target: {fileID: 100000, guid: 5e9e851c0e142814dac026a256ba2ac0, type: 3}
      propertyPath: m_TagString
      value: Player
      objectReference: {fileID: 0}
    - target: {fileID: 100002, guid: 5e9e851c0e142814dac026a256ba2ac0, type: 3}
      propertyPath: m_TagString
      value: MainCamera
      objectReference: {fileID: 0}
    - target: {fileID: 400000, guid: 5e9e851c0e142814dac026a256ba2ac0, type: 3}
      propertyPath: m_RootOrder
      value: 0
      objectReference: {fileID: 0}
    - target: {fileID: 400000, guid: 5e9e851c0e142814dac026a256ba2ac0, type: 3}
      propertyPath: m_LocalPosition.x
      value: 0
      objectReference: {fileID: 0}
    - target: {fileID: 400000, guid: 5e9e851c0e142814dac026a256ba2ac0, type: 3}
      propertyPath: m_LocalPosition.y
      value: 1.533
      objectReference: {fileID: 0}
    - target: {fileID: 400000, guid: 5e9e851c0e142814dac026a256ba2ac0, type: 3}
      propertyPath: m_LocalPosition.z
      value: 0
      objectReference: {fileID: 0}
    - target: {fileID: 400000, guid: 5e9e851c0e142814dac026a256ba2ac0, type: 3}
      propertyPath: m_LocalRotation.w
      value: 0
      objectReference: {fileID: 0}
    - target: {fileID: 400000, guid: 5e9e851c0e142814dac026a256ba2ac0, type: 3}
      propertyPath: m_LocalRotation.x
      value: 0
      objectReference: {fileID: 0}
    - target: {fileID: 400000, guid: 5e9e851c0e142814dac026a256ba2ac0, type: 3}
      propertyPath: m_LocalRotation.y
      value: 1
      objectReference: {fileID: 0}
    - target: {fileID: 400000, guid: 5e9e851c0e142814dac026a256ba2ac0, type: 3}
      propertyPath: m_LocalRotation.z
      value: 0
      objectReference: {fileID: 0}
    - target: {fileID: 400000, guid: 5e9e851c0e142814dac026a256ba2ac0, type: 3}
      propertyPath: m_LocalEulerAnglesHint.x
      value: 0
      objectReference: {fileID: 0}
    - target: {fileID: 400000, guid: 5e9e851c0e142814dac026a256ba2ac0, type: 3}
      propertyPath: m_LocalEulerAnglesHint.y
      value: 180
      objectReference: {fileID: 0}
    - target: {fileID: 400000, guid: 5e9e851c0e142814dac026a256ba2ac0, type: 3}
      propertyPath: m_LocalEulerAnglesHint.z
      value: 0
      objectReference: {fileID: 0}
    - target: {fileID: 400002, guid: 5e9e851c0e142814dac026a256ba2ac0, type: 3}
      propertyPath: m_LocalPosition.x
      value: 0.05
      objectReference: {fileID: 0}
    - target: {fileID: 400002, guid: 5e9e851c0e142814dac026a256ba2ac0, type: 3}
      propertyPath: m_LocalPosition.y
      value: 1.47
      objectReference: {fileID: 0}
    - target: {fileID: 400002, guid: 5e9e851c0e142814dac026a256ba2ac0, type: 3}
      propertyPath: m_LocalPosition.z
      value: -0.2
      objectReference: {fileID: 0}
    - target: {fileID: 8200000, guid: 5e9e851c0e142814dac026a256ba2ac0, type: 3}
      propertyPath: OutputAudioMixerGroup
      value: 
      objectReference: {fileID: -2066557794349157168, guid: 702b2fdd410d5d045a0558f56e55a734, type: 2}
    m_RemovedComponents: []
  m_SourcePrefab: {fileID: 100100000, guid: 5e9e851c0e142814dac026a256ba2ac0, type: 3}
--- !u!4 &2083011440093198341 stripped
Transform:
  m_CorrespondingSourceObject: {fileID: 400000, guid: 5e9e851c0e142814dac026a256ba2ac0, type: 3}
  m_PrefabInstance: {fileID: 2083011440093061765}
  m_PrefabAsset: {fileID: 0}
--- !u!20 &2083011440092702213 stripped
Camera:
  m_CorrespondingSourceObject: {fileID: 2000000, guid: 5e9e851c0e142814dac026a256ba2ac0, type: 3}
  m_PrefabInstance: {fileID: 2083011440093061765}
  m_PrefabAsset: {fileID: 0}
