%YAML 1.1
%TAG !u! tag:unity3d.com,2011:
--- !u!243 &-4580358122118426378
AudioMixerGroupController:
  m_ObjectHideFlags: 0
  m_CorrespondingSourceObject: {fileID: 0}
  m_PrefabInstance: {fileID: 0}
  m_PrefabAsset: {fileID: 0}
  m_Name: VFX
  m_AudioMixer: {fileID: 24100000}
  m_GroupID: 60dbdbd5bd3652e449d925c38dff1c5c
  m_Children:
  - {fileID: -2066557794349157168}
  m_Volume: 3d0ffd5837bbfad42a76e0204730fc7a
  m_Pitch: 178248549897ecd4ea4f051b15c8b534
  m_Send: 00000000000000000000000000000000
  m_Effects:
  - {fileID: 627725880582498259}
  m_UserColorIndex: 0
  m_Mute: 0
  m_Solo: 0
  m_BypassEffects: 0
--- !u!243 &-2066557794349157168
AudioMixerGroupController:
  m_ObjectHideFlags: 0
  m_CorrespondingSourceObject: {fileID: 0}
  m_PrefabInstance: {fileID: 0}
  m_PrefabAsset: {fileID: 0}
  m_Name: UI
  m_AudioMixer: {fileID: 24100000}
  m_GroupID: e7bb86e062bfca0409a31d95f3d0b226
  m_Children: []
  m_Volume: f569306c9789e5f4ab5748047a4750da
  m_Pitch: fee3ee33518e9b24dae27ae5fded4ca9
  m_Send: 00000000000000000000000000000000
  m_Effects:
  - {fileID: 2347774001131057422}
  m_UserColorIndex: 0
  m_Mute: 0
  m_Solo: 0
  m_BypassEffects: 0
--- !u!241 &24100000
AudioMixerController:
  m_ObjectHideFlags: 0
  m_CorrespondingSourceObject: {fileID: 0}
  m_PrefabInstance: {fileID: 0}
  m_PrefabAsset: {fileID: 0}
  m_Name: Main Mixer
  m_OutputGroup: {fileID: 0}
  m_MasterGroup: {fileID: 24300002}
  m_Snapshots:
  - {fileID: 24500006}
  m_StartSnapshot: {fileID: 24500006}
  m_SuspendThreshold: -80
  m_EnableSuspend: 1
  m_UpdateMode: 0
  m_ExposedParameters:
  - guid: c0e695e15499f0a4282603a4f80a50b0
    name: volume
  m_AudioMixerGroupViews:
  - guids:
    - 5714f81b6378c1c4d886a059eec224ba
    - 89cf7a0fd54a978429915134037a5744
    - 60dbdbd5bd3652e449d925c38dff1c5c
    - e7bb86e062bfca0409a31d95f3d0b226
    name: View
  m_CurrentViewIndex: 0
  m_TargetSnapshot: {fileID: 24500006}
--- !u!243 &24300002
AudioMixerGroupController:
  m_ObjectHideFlags: 0
  m_CorrespondingSourceObject: {fileID: 0}
  m_PrefabInstance: {fileID: 0}
  m_PrefabAsset: {fileID: 0}
  m_Name: Master
  m_AudioMixer: {fileID: 24100000}
  m_GroupID: 5714f81b6378c1c4d886a059eec224ba
  m_Children:
  - {fileID: -4580358122118426378}
  - {fileID: 5328457440025922321}
  m_Volume: c0e695e15499f0a4282603a4f80a50b0
  m_Pitch: 698c3dd56567aca4dbeb965cea9d3ebe
  m_Send: 00000000000000000000000000000000
  m_Effects:
  - {fileID: 24400004}
  m_UserColorIndex: 0
  m_Mute: 0
  m_Solo: 0
  m_BypassEffects: 0
--- !u!244 &24400004
AudioMixerEffectController:
  m_ObjectHideFlags: 3
  m_CorrespondingSourceObject: {fileID: 0}
  m_PrefabInstance: {fileID: 0}
  m_PrefabAsset: {fileID: 0}
  m_Name: 
  m_EffectID: 1e77b0da0ff6a99448ae67dd749de6a2
  m_EffectName: Attenuation
  m_MixLevel: d6ab60c8896be93478c380202ac2a4b5
  m_Parameters: []
  m_SendTarget: {fileID: 0}
  m_EnableWetMix: 0
  m_Bypass: 0
--- !u!245 &24500006
AudioMixerSnapshotController:
  m_ObjectHideFlags: 0
  m_CorrespondingSourceObject: {fileID: 0}
  m_PrefabInstance: {fileID: 0}
  m_PrefabAsset: {fileID: 0}
  m_Name: Snapshot
  m_AudioMixer: {fileID: 24100000}
  m_SnapshotID: a7dd6cd5a46eff54e8054600c7f6f4c8
  m_FloatValues:
    c0e695e15499f0a4282603a4f80a50b0: -0.00002668053
    3d0ffd5837bbfad42a76e0204730fc7a: -0.27209988
    c36071d8fbcc33b419ac3e98a86252f1: -10.867776
    f569306c9789e5f4ab5748047a4750da: 0
  m_TransitionOverrides: {}
--- !u!244 &627725880582498259
AudioMixerEffectController:
  m_ObjectHideFlags: 3
  m_CorrespondingSourceObject: {fileID: 0}
  m_PrefabInstance: {fileID: 0}
  m_PrefabAsset: {fileID: 0}
  m_Name: 
  m_EffectID: 7f2985f6a624a5c4795555c42c8c8cfc
  m_EffectName: Attenuation
  m_MixLevel: 98a48651e70f7a541b49caebcc4f939f
  m_Parameters: []
  m_SendTarget: {fileID: 0}
  m_EnableWetMix: 0
  m_Bypass: 0
--- !u!244 &2024972561382884130
AudioMixerEffectController:
  m_ObjectHideFlags: 3
  m_CorrespondingSourceObject: {fileID: 0}
  m_PrefabInstance: {fileID: 0}
  m_PrefabAsset: {fileID: 0}
  m_Name: 
  m_EffectID: 34b1a8b07f6ef1045a416f8ce01013c9
  m_EffectName: Attenuation
  m_MixLevel: 0e59e9efa3e22ea4c97ff8f9f309a8ea
  m_Parameters: []
  m_SendTarget: {fileID: 0}
  m_EnableWetMix: 0
  m_Bypass: 0
--- !u!244 &2347774001131057422
AudioMixerEffectController:
  m_ObjectHideFlags: 3
  m_CorrespondingSourceObject: {fileID: 0}
  m_PrefabInstance: {fileID: 0}
  m_PrefabAsset: {fileID: 0}
  m_Name: 
  m_EffectID: 6948201dff1c2e14dbc29eb06c5092cd
  m_EffectName: Attenuation
  m_MixLevel: 3d01cf483703e684fb9e56edb89f95af
  m_Parameters: []
  m_SendTarget: {fileID: 0}
  m_EnableWetMix: 0
  m_Bypass: 0
--- !u!243 &5328457440025922321
AudioMixerGroupController:
  m_ObjectHideFlags: 0
  m_CorrespondingSourceObject: {fileID: 0}
  m_PrefabInstance: {fileID: 0}
  m_PrefabAsset: {fileID: 0}
  m_Name: BGM
  m_AudioMixer: {fileID: 24100000}
  m_GroupID: 89cf7a0fd54a978429915134037a5744
  m_Children: []
  m_Volume: c36071d8fbcc33b419ac3e98a86252f1
  m_Pitch: 884670fd8282903438726653aeff0847
  m_Send: 00000000000000000000000000000000
  m_Effects:
  - {fileID: 2024972561382884130}
  m_UserColorIndex: 0
  m_Mute: 0
  m_Solo: 0
  m_BypassEffects: 0
